@book{combOpt,
author = {Papadimitriou, Christos and Steiglitz, Kenneth},
year = {1982},
month = {01},
pages = {},
title = {Combinatorial Optimization: Algorithms and Complexity},
volume = {32},
isbn = {0-13-152462-3},
journal = {IEEE Transactions on Acoustics, Speech, and Signal Processing},
doi = {10.1109/TASSP.1984.1164450}
}

@inbook{intProg,
publisher = {John Wiley & Sons, Ltd},
isbn = {9781119606475},
title = {Integer Programming: 2nd Edition},
booktitle = {Integer Programming},
chapter = {},
pages = {1-34},
doi = {https://doi.org/10.1002/9781119606475.oth1},
url = {https://onlinelibrary.wiley.com/doi/abs/10.1002/9781119606475.oth1},
eprint = {https://onlinelibrary.wiley.com/doi/pdf/10.1002/9781119606475.oth1},
year = {2020}
}
